<collection xmlns="http://www.loc.gov/MARC21/slim">
<record>
  <leader>01093nam0a22002171i 450 </leader>
  <controlfield tag="001">IT\ICCU\CNCE\064260</controlfield>
  <controlfield tag="005">20060311000000.0</controlfield>
  <datafield tag="012" ind1=" " ind2=" ">
    <subfield code="a">era- asum e-ut orut (3) 1552 (R)</subfield>
    <subfield code="2">fei</subfield>
  </datafield>
  <datafield tag="100" ind1=" " ind2=" ">
    <subfield code="a">20060308d1552        0itac0103    ba</subfield>
  </datafield>
  <datafield tag="101" ind1=" " ind2=" ">
    <subfield code="a">LAT</subfield>
  </datafield>
  <datafield tag="102" ind1=" " ind2=" ">
    <subfield code="a">IT</subfield>
  </datafield>
  <datafield tag="200" ind1="1" ind2=" ">
    <subfield code="a">Grammaticalium institutionum compendium ex ueteribus collectum. Per Franciscum Leporinum Vicentinum</subfield>
  </datafield>
  <datafield tag="210" ind1=" " ind2=" ">
    <subfield code="a">Venetiis</subfield>
    <subfield code="d">1552</subfield>
    <subfield code="e">Impressum Venetiis</subfield>
    <subfield code="g">per Bartholomaeum cognomento Imperatorem</subfield>
    <subfield code="h">&amp; Franciscum eius generum</subfield>
    <subfield code="h">1552</subfield>
  </datafield>
  <datafield tag="215" ind1=" " ind2=" ">
    <subfield code="a">58, \2! c.</subfield>
    <subfield code="d">8ʻ</subfield>
  </datafield>
  <datafield tag="620" ind1=" " ind2=" ">
    <subfield code="a">IT</subfield>
    <subfield code="d">Venezia</subfield>
  </datafield>
  <datafield tag="700" ind1=" " ind2="1">
    <subfield code="a">Leporino,</subfield>
    <subfield code="b">Francesco</subfield>
    <subfield code="3">IT\ICCU\CNCA\026337</subfield>
  </datafield>
  <datafield tag="712" ind1="0" ind2="0">
    <subfield code="a">Imperatore, Bartolomeo &amp; Imperatore, Francesco</subfield>
    <subfield code="3">IT\ICCU\CNCT\000691</subfield>
    <subfield code="4">650</subfield>
  </datafield>
  <datafield tag="801" ind1=" " ind2="3">
    <subfield code="a">IT</subfield>
    <subfield code="b">ICCU</subfield>
    <subfield code="c">20201115</subfield>
  </datafield>
  <datafield tag="899" ind1=" " ind2=" ">
    <subfield code="a">Biblioteca civica Bertoliana. Vicenza</subfield>
    <subfield code="1">VI0096</subfield>
    <subfield code="2">VIA BE</subfield>
  </datafield>
  <datafield tag="911" ind1=" " ind2=" ">
    <subfield code="a">In fine</subfield>
    <subfield code="9">IT\ICCU\CNCM\000284</subfield>
  </datafield>
  <datafield tag="921" ind1=" " ind2=" ">
    <subfield code="a">IT\ICCU\CNCM\000284</subfield>
    <subfield code="b">Imperatore romano, col piede destro sul globo, tiene con la mano destra uno scudo, con la sinistra un vessillo con le iniziali S.P.Q.R. A destra un&apos;aquila</subfield>
    <subfield code="c">V268</subfield>
    <subfield code="c">Z736</subfield>
    <subfield code="d">Dimensioni: 4,5 x 8</subfield>
    <subfield code="f">IMPERATORE</subfield>
    <subfield code="f">ROMANO</subfield>
    <subfield code="f">SPQR</subfield>
    <subfield code="g">1544-1554</subfield>
  </datafield>
</record>
</collection>
